@article{einstein,
    author = "Albert Einstein",
    title = "{Zur Elektrodynamik bewegter K{\"o}rper}. ({German})
    [{On} the electrodynamics of moving bodies]",
    journal = "Annalen der Physik",
    volume = "322",
    number = "10",
    pages = "891--921",
    year = "1905",
    DOI = "http://dx.doi.org/10.1002/andp.19053221004",
    keywords = "physics"
}

@inbook{knuth-fa,
    author = "Donald E. Knuth",
    title = "Fundamental Algorithms",
    publisher = "Addison-Wesley",
    year = "1973",
    chapter = "1.2",
    keywords  = "knuth,programming"
}


@online{david-lattice-qft,
    author = "David Schaich",
    title = "Lattice Simulations of Nonperturbative Quantum Field Theories",
    url  = "https://inspirehep.net/literature/1386200",
    addendum = "(accessed: 04.17.2024)",
    keywords = "lattice,qft"
}

https://github.com/seafoodfry/numerical-analysis/blob/2d/qft/phi-theory/lattice-qft.ipynb

@online{our-phi-4,
    author = "Jorge Alarcon",
    title = "github.com/seafoodfry/numerical-analysis/qft/phi-theory",
    url  = "https://github.com/seafoodfry/numerical-analysis/blob/main/qft/phi-theory/",
    addendum = "(accessed: 04.17.2024)",
    keywords = "lattice,qft,code,github"
}

@book{hidden-potential,
    title = {Hidden Potential: The Science of Achieving Greater Things},
    author = {Adam Grant},
    isbn = {978-0593653142},
    year = {2023},
    publisher = {Viking Press},
    keywords = {psychology}
}

@book{mc,
    title = {Monte Carlo Methods in Statistical Physics},
    author = {M. E. J. Newman and G. T. Barkema},
    isbn = {978-0198517979},
    year = {1999},
    publisher = {Clarendon Press},
    keywords = {monte carlo, Statistical mechanics}
}