@article{einstein,
    author = "Albert Einstein",
    title = "{Zur Elektrodynamik bewegter K{\"o}rper}. ({German})
    [{On} the electrodynamics of moving bodies]",
    journal = "Annalen der Physik",
    volume = "322",
    number = "10",
    pages = "891--921",
    year = "1905",
    DOI = "http://dx.doi.org/10.1002/andp.19053221004",
    keywords = "physics"
}


@online{david-lattice-qft,
    author = "David Schaich",
    title = "Lattice Simulations of Nonperturbative Quantum Field Theories",
    url  = "https://inspirehep.net/literature/1386200",
    addendum = "(accessed: 04.17.2024)",
    keywords = "lattice,qft"
}

@online{our-phi-4,
    author = "Jorge Alarcon",
    title = "github.com/seafoodfry/numerical-analysis/qft/phi-theory",
    url  = "https://github.com/seafoodfry/numerical-analysis/blob/main/qft/phi-theory/",
    addendum = "(accessed: 04.17.2024)",
    keywords = "lattice,qft,code,github"
}

@book{hidden-potential,
    title = {Hidden Potential: The Science of Achieving Greater Things},
    author = {Adam Grant},
    isbn = {978-0593653142},
    year = {2023},
    publisher = {Viking Press},
    keywords = {psychology}
}

@book{mc,
    title = {Monte Carlo Methods in Statistical Physics},
    author = {M. E. J. Newman and G. T. Barkema},
    isbn = {978-0198517979},
    year = {1999},
    publisher = {Clarendon Press},
    keywords = {monte carlo, Statistical mechanics}
}

@inbook{tensor-calc,
    author = "David C. Kay",
    title = "Schaums Outline of Tensor Calculus",
    publisher = "McGraw Hill",
    isbn = {978-0071756037},
    year = "2011",
    chapter = "1",
    keywords  = "tensor"
}

@online{jacobian,
    author = "Paul Dawkins",
    title = "Section 15.8 : Change of Variables",
    url  = "https://tutorial.math.lamar.edu/classes/calciii/changeofvariables.aspx",
    addendum = "(accessed: 04.17.2024)",
    keywords = "calculus,jacobian"
}

@inbook{gifted-qft,
    author = " Tom Lancaster, Stephen J. Blundell",
    title = "Quantum Field Theory for the Gifted Amateur",
    publisher = "Oxford University Press",
    isbn = {978-0199699339},
    year = "2014",
    chapter = "0.4",
    keywords  = "qft,tensor"
}

@book{griffiths-em,
    title = {Introduction to Electrodynamics 4th Edition},
    author = {David J. Griffiths},
    isbn = {978-0-321-85656-2},
    year = {2013},
    publisher = {Pearson},
    keywords = {electrodynamics}
}

@book{peskin-and-schroeder,
    title = {An Introduction To Quantum Field Theory},
    author = {Michael E. Peskin, Dan V. Schroeder},
    isbn = {978-0201503975},
    year = {1995},
    publisher = {Frontiers in Physics},
    keywords = {QFT}
}

@book{binney,
    title = {The Physics of Quantum mechanics},
    author = {James Binney, David Skinner},
    isbn = {978-0-19-968856-2},
    year = {2014},
    publisher = {Oxford University Press},
    keywords = {QM}
}



%%%%%%%%%%%%%%%%%%%%%%%%%%%%%%%%%%%%%%%%%%%%%%%%%%%%%%%%%%%%%%%
%%%                        stats                            %%%
%%%%%%%%%%%%%%%%%%%%%%%%%%%%%%%%%%%%%%%%%%%%%%%%%%%%%%%%%%%%%%%
@book{Goodfellow-et-al-2016,
    title={Deep Learning},
    author={Ian Goodfellow and Yoshua Bengio and Aaron Courville},
    publisher={MIT Press},
    note={\url{http://www.deeplearningbook.org}},
    year={2016}
}

@book{elementary-stats,
    title={Elementary Statistics 13th edition},
    author={Mario F. Triola},
    publisher={Pearson},
    isbn = {978-0-13-446245-5},
    year={2018}
}

@online{stat-theory,
    author = "Adam Spiegler",
    title = "Statistical Theory, Section 4.3: Properties of Estimators",
    url  = "https://aspiegler.github.io/Statistical-Theory/15-Properties-Estimators.html#theorem-15.1",
    addendum = "(accessed: 10.20.2024)",
    keywords = "statistics"
}

% Found teh citation here:
% https://lips.cs.princeton.edu/bibliography/maclaurin2016thesis/
@phdthesis{maclaurin2016thesis,
  year = {2016},
  author = {Maclaurin, Dougal},
  title = {Modeling, Inference and Optimization with Composable Differentiable Procedures},
  month = apr,
  school = {Harvard University},
  address = {Cambridge, MA}
}
